@article{zumbach2006learning,
  title={Learning with Hyperaudio: Cognitive Load and Knowledge Acquisition in Non-Linear Auditory Instruction},
  author={Zumbach, Joerg and Kroeber, Christiane},
  journal={Avoiding simplicity confronting complexity. Advances in studying and designing (computer-based) powerful learning environments},
  pages={359--170},
  year={2006}
}
@Misc{fernuniversitaet2018stat,
	author={{FernUniversität in Hagen}},
	title={Daten-Zahlen-Fakten - Uni Intern - FernUniversität in Hagen},
	howpublished={\url{http://www.fernuni-hagen.de/arbeiten/statistik/daten/index.shtml}},			note={abgerufen am 01.06.2018},
	  year={2018}
}
@Misc{agilemodeling2018stat,
	author={{Scott W. Ambler}},
	title={Usage Scenarios: An Agile Introduction},
	howpublished={\url{http://agilemodeling.com/artifacts/usageScenario.htm}},			note={abgerufen am 15.07.2018},
	  year={2018}
}
@book{wild2017moodle,
  title={Moodle 3.x Developer's Guide},
  author={Wild, I.},
  isbn={9781786469540},
  url={https://books.google.de/books?id=EHg5DwAAQBAJ},
  year={2017},
  publisher={Packt Publishing}
}
@inproceedings{nelson1965complex,
  title={Complex information processing: a file structure for the complex, the changing and the indeterminate},
  author={Nelson, Theodor H},
  booktitle={Proceedings of the 1965 20th national conference},
  pages={84--100},
  year={1965},
  organization={ACM}
}
@book{landow2006hypertext,
  title={Hypertext 3.0: Critical theory and new media in an era of globalization},
  author={Landow, George P},
  year={2006},
  publisher={JHU Press}
}
@book{nielsen2013multimedia,
  title={Multimedia, Hypertext und Internet: Grundlagen und Praxis des elektronischen Publizierens},
  author={Nielsen, Jakob},
  year={2013},
  publisher={Springer-Verlag}
}
@article{richter2005strategische,
  title={Strategische Verarbeitung beim Lernen mit Text und Hypertext: Strategic Processing in Learning with Text and Hypertext},
  author={Richter, Tobias and Naumann, Johannes and Brunner, Marion and Christmann, Ursula},
  journal={Zeitschrift f{\"u}r P{\"a}dagogische Psychologie},
  volume={19},
  number={1/2},
  pages={5--22},
  year={2005},
  publisher={Verlag Hans Huber, Hogrefe AG}
}
@article{moos2010multimedia,
  title={Multimedia, hypermedia, and hypertext: Motivation considered and reconsidered},
  author={Moos, Daniel C and Marroquin, Elizabeth},
  journal={Computers in Human Behavior},
  volume={26},
  number={3},
  pages={265--276},
  year={2010},
  publisher={Elsevier}
}
@article{dillon2005multimedia,
  title={Multimedia learning with hypermedia},
  author={Dillon, Andrew and Jobst, Jennifer},
  journal={The Cambridge handbook of multimedia learning},
  pages={569--588},
  year={2005}
}

@incollection{oppermann2002user,
  title={User-interface design},
  author={Oppermann, Reinhard},
  booktitle={Handbook on information technologies for education and training},
  pages={233--248},
  year={2002},
  publisher={Springer}
}