@article{zumbach2006learning,
  title={{Learning with Hyperaudio: Cognitive Load and Knowledge Acquisition in Non-Linear Auditory Instruction}},
  author={Zumbach, Joerg and Kroeber, Christiane},
  journal={Avoiding simplicity confronting complexity. Advances in studying and designing (computer-based) powerful learning environments},
  pages={359--170},
  year={2006}
}

@Misc{fernuniversitaet2018vu,
	author={{FernUniversität in Hagen}},
	title={{Virtueller Studienplatz – helpdesk}},
	howpublished={\url{https://wiki.fernuni-hagen.de/helpdesk/index.php/Virtueller_Studienplatz}},
    note={abgerufen am 28.07.2018},
	year={2018}
}

@Misc{fernuniversitaet2018kurs,
	author={{FernUniversität in Hagen}},
	title={{Das Kursportal – helpdesk}},
	howpublished={\url{https://wiki.fernuni-hagen.de/helpdesk/index.php/Das_Kursportal}},
	note={abgerufen am 28.07.2018},
	year={2014}
}

@Misc{fernuniversitaet2018mensch,
	author={{FernUniversität in Hagen}},
	title={{Kurs: WS16/17 - Kurs 01697 Einführung in Mensch-Computer-Interaktion}},
	howpublished={\url{https://moodle-wrm.fernuni-hagen.de/course/view.php?id=949}},
	note={abgerufen am 15.08.2018},
	year={2016}
}


@Misc{fernuniversitaet2018moodle,
	author={{FernUniversität in Hagen}},
	title={{Moodle – helpdesk}},
	howpublished={\url{https://wiki.fernuni-hagen.de/helpdesk/index.php/Moodle}},
	note={abgerufen am 28.07.2018},
	year={2018}
}

@Misc{fernuniversitaet2018kommunikationstools,
	author={{FernUniversität in Hagen}},
	title={{Zusammenarbeiten: Moodle, BSCW, Virtual Classroom, News, Chat - Leistungsangebot - ZMI - FernUniversität in Hagen}},
	howpublished={\url{http://www.fernuni-hagen.de/zmi/produkte_service/kommunikationstools.shtml}},
	note={abgerufen am 28.07.2018},
	year={2018}
}

@Misc{fernuniversitaet2018stat,
	author={{FernUniversität in Hagen}},
	title={{Daten-Zahlen-Fakten - Uni Intern - FernUniversität in Hagen}},
	howpublished={\url{http://www.fernuni-hagen.de/arbeiten/statistik/daten/index.shtml}},
	note={abgerufen am 01.06.2018},
	year={2018}
}

@book{wild2017moodle,
  title={{Moodle 3.x Developer's Guide}},
  author={Wild, I.},
  isbn={9781786469540},
  url={https://books.google.de/books?id=EHg5DwAAQBAJ},
  year={2017},
  publisher={Packt Publishing}
}

@inproceedings{nelson1965complex,
  title={{Complex information processing: a file structure for the complex, the changing and the indeterminate}},
  author={Nelson, Theodor H},
  booktitle={Proceedings of the 1965 20th national conference},
  pages={84--100},
  year={1965},
  organization={ACM}
}

@book{landow2006hypertext,
  title={{Hypertext 3.0: Critical theory and new media in an era of globalization}},
  author={Landow, George P},
  year={2006},
  publisher={JHU Press}
}

@book{nielsen2013multimedia,
  title={{Multimedia, Hypertext und Internet: Grundlagen und Praxis des elektronischen Publizierens}},
  author={Nielsen, Jakob},
  year={2013},
  publisher={Springer-Verlag}
}

@article{richter2005strategische,
  title={{Strategische Verarbeitung beim Lernen mit Text und Hypertext: Strategic Processing in Learning with Text and Hypertext}},
  author={Richter, Tobias and Naumann, Johannes and Brunner, Marion and Christmann, Ursula},
  journal={Zeitschrift f{\"u}r P{\"a}dagogische Psychologie},
  volume={19},
  number={1/2},
  pages={5--22},
  year={2005},
  publisher={Verlag Hans Huber, Hogrefe AG}
}

@article{moos2010multimedia,
  title={{Multimedia, hypermedia, and hypertext: Motivation considered and reconsidered}},
  author={Moos, Daniel C and Marroquin, Elizabeth},
  journal={Computers in Human Behavior},
  volume={26},
  number={3},
  pages={265--276},
  year={2010},
  publisher={Elsevier}
}

@article{dillon2005multimedia,
  title={{Multimedia learning with hypermedia}},
  author={Dillon, Andrew and Jobst, Jennifer},
  journal={The Cambridge handbook of multimedia learning},
  pages={569--588},
  year={2005}
}

@incollection{oppermann2002user,
  title={{User-interface design}},
  author={Oppermann, Reinhard},
  booktitle={Handbook on information technologies for education and training},
  pages={233--248},
  year={2002},
  publisher={Springer}
}

@article{schmidt2013physical,
  title={{Physical exercise during encoding improves vocabulary learning in young female adults: a neuroendocrinological study}},
  author={Schmidt-Kassow, Maren and Deusser, Marie and Thiel, Christian and Otterbein, Sascha and Montag, Christian and Reuter, Martin and Banzer, Winfried and Kaiser, Jochen},
  journal={PloS one},
  volume={8},
  number={5},
  pages={e64172},
  year={2013},
  publisher={Public Library of Science}
}

@Misc{destatis2015zeit,
	author={{Statistisches Bundesamt}},
	title={{Wie die Zeit vergeht - Ergebnisse zur Zeitverwendung in Deutschland - 2012/2013}},
	howpublished={\url{https://www.destatis.de/DE/PresseService/Presse/Pressekonferenzen/2015/zeitverwendung/Pressebroschuere_zeitverwendung.pdf?__blob=publicationFile}},
	note={abgerufen am 27.07.2018},
	year={2015}
}

@Misc{moodle2015was,
	author={{Moodle}},
	title={{Was ist Moodle – MoodleDocs}},
	howpublished={\url{https://docs.moodle.org/35/de/Was_ist_Moodle}},			
	note={abgerufen am 28.07.2018},
	year={2015}
}

@Misc{moodle2015aufbau,
	author={{Moodle}},
	title={{Aufbau einer Moodle-Site – MoodleDocs}},
	howpublished={\url{https://docs.moodle.org/35/de/Aufbau_einer_Moodle-Site}},			
	note={abgerufen am 28.07.2018},
	year={2015}
}

@Misc{moodle2017media,
	author={{Moodle}},
	title={{Media players - MoodleDocs}},
	howpublished={\url{https://docs.moodle.org/dev/Media_players}},			
	note={abgerufen am 18.08.2018},
	year={2017}
}

@Misc{moodle2018blocks,
	author={{Moodle}},
	title={{Blocks - MoodleDocs}},
	howpublished={\url{https://docs.moodle.org/35/en/Blocks}},			
	note={abgerufen am 18.08.2018},
	year={2018}
}

@Misc{moodle2015blocksettings,
	author={{Moodle}},
	title={{Block settings - MoodleDocs}},
	howpublished={\url{https://docs.moodle.org/35/en/Block_settings}},			
	note={abgerufen am 18.08.2018},
	year={2015}
}

@Misc{moodle2018install,
	author={{Moodle}},
	title={{Installing Moodle - MoodleDocs}},
	howpublished={\url{https://docs.moodle.org/35/en/Installing_Moodle}},			
	note={abgerufen am 18.08.2018},
	year={2018}
}

@Misc{moodle2018about,
	author={{Moodle}},
	title={{About Moodle - MoodleDocs}},
	howpublished={\url{https://docs.moodle.org/35/en/About_Moodle}},			
	note={abgerufen am 28.07.2018},
	year={2018}
}

@Misc{moodle2018stats,
	author={{Moodle}},
	title={{Moodle.org: Moodle Statistics}},
	howpublished={\url{https://moodle.net/stats/}},			
	note={abgerufen am 28.07.2018},
	year={2018}
}

@Misc{moodle2017plugin,
	author={{Moodle}},
	title={{Plugin types - MoodleDocs}},
	howpublished={\url{https://docs.moodle.org/dev/Plugin_types#List_of_Moodle_plugin_types}},
	note={abgerufen am 28.07.2018},
	year={2017}
}

@Misc{moodle2018file,
	author={{Moodle}},
	title={{File API - MoodleDocs}},
	howpublished={\url{https://docs.moodle.org/dev/File_API}},
	note={abgerufen am 15.08.2018},
	year={2018}
}

@Misc{moodle2016activity,
	author={{Moodle}},
	title={{Activity Modules - MoodleDocs}},
	howpublished={\url{https://docs.moodle.org/dev/Activity_modules}},
	note={abgerufen am 15.08.2018},
	year={2016}
}

@Misc{h5p2013video,
	author={{H5P}},
	title={{Interactive Video | H5P}},
	howpublished={\url{https://h5p.org/interactive-video}},
	note={abgerufen am 15.08.2018},
	year={2013}
}

@Misc{wavesurfer,
	author={{H5P}},
	title={{wavesurfer.js}},
	howpublished={\url{https://wavesurfer-js.org/}},
	note={abgerufen am 15.08.2018},
	year={o.D.}
}

@article{mcluhan1977laws,
  title={{Laws of the Media}},
  author={McLuhan, Marshall},
  journal={ETC: A Review of General Semantics},
  pages={173--179},
  year={1977},
  publisher={JSTOR}
}

@Misc{soundcloudinfo,
	author={{SoundCloud}},
	title={{Info zu SoundCloud auf SoundCloud}},
	howpublished={\url{https://soundcloud.com/pages/contact}},
	note={abgerufen am 28.07.2018},
	year={o.D.}
}

@Misc{statista2016video,
	author={{Statista}},
	title={{Videoplattformen - Reichweite in Deutschland 2016 | Statistik}},
	howpublished={\url{https://de.statista.com/statistik/daten/studie/209329/umfrage/fuehrende-videoportale-in-deutschland-nach-nutzeranteil/}},
	note={abgerufen am 28.07.2018},
	year={2016}
}

@Misc{youtubeabspann,
	author={{Google}},
	title={{Videos mit einem Abspann versehen - Computer - Hilfe für YouTube}},
	howpublished={\url{https://support.google.com/youtube/answer/6388789?visit_id=1-636685303009655859-2954709875&p=end_screens&hl=de&rd=1}},
	note={abgerufen am 28.07.2018},
	year={2018}
}

@Misc{youtubeinfokarten,
	author={{Google}},
	title={{Infokarten in Videos hinzufügen - Computer - Hilfe für YouTube}},
	howpublished={\url{https://support.google.com/youtube/answer/6140493?hl=de}},
	note={abgerufen am 28.07.2018},
	year={2018}
}

@book{cooper2004inmates,
  title={The inmates are running the asylum:[Why high-tech products drive us crazy and how to restore the sanity]},
  author={Cooper, Alan and others},
  year={2004},
  publisher={Sams Indianapolis}
}

@book{cohn2004user,
  title={User stories applied: For agile software development},
  author={Cohn, Mike},
  year={2004},
  publisher={Addison-Wesley Professional}
}

@book{wirdemann2017scrum,
  title={Scrum mit User Stories},
  author={Wirdemann, Ralf},
  year={2017},
  publisher={Carl Hanser Verlag GmbH Co KG}
}

@book{mayer2009multimedia,
  title={Multimedia Learning},
  author={Mayer, R.E.},
  isbn={9780521514125},
  lccn={2008021185},
  url={https://books.google.de/books?id=5g0AM1CHysgC},
  year={2009},
  publisher={Cambridge University Press}
}

@Misc{erwartungskonformitaet,
	author={{Rampl, Hansjörg}},
	title={{ISO 9241:10 Erwartungskonformität}},
	howpublished={\url{http://www.handbuch-usability.de/erwartungskonformitaet.html}},
	note={abgerufen am 30.07.2018},
	year={2007}
}

@Misc{soundcloudpanic,
	author={{SoundCloud}},
	title={{Victorious von Panic! At The Disco | Kostenlos hören auf SoundCloud}},
	howpublished={\url{https://soundcloud.com/panicatthedisco/panic-at-the-disco-victorious}},
	note={abgerufen am 29.07.2018},
	year={2015}
}

@Misc{soundcloud2015panic,
	author={{SoundCloud}},
	title={{Victorious von Panic! At The Disco | Kostenlos hören auf SoundCloud}},
	howpublished={\url{https://soundcloud.com/panicatthedisco/panic-at-the-disco-victorious}},
	note={abgerufen am 29.07.2018},
	year={2015}
}

@Misc{youtube2015panic,
	author={{Youtube}},
	title={{Panic! At The Disco: Victorious [OFFICIAL VIDEO] - YouTube}},
	howpublished={\url{https://www.youtube.com/watch?v=AUChk0lxF44}},
	note={abgerufen am 28.07.2018},
	year={2015}
}

@article{constantine2006users,
  author={Constantine, Larry},
  title={{Users, Roles, and Personas}},
  journal={The Persona Lifecycle},
  pages={498--519},
  year={2006},
  publisher={Amsterdam: Morgan Kaufmann/Elsevier}
}

@inproceedings{Constantine1996usage,
 author = {Constantine, Larry L.},
 title = {{Usage-Centered Software Engineering: New Models, Methods and Metrics}},
 booktitle = {Proceedings of the 1996 International Conference on Software Engineering: Education and Practice (SE:EP '96)},
 series = {SEEP '96},
 year = {1996},
 isbn = {0-8186-7379-6},
 pages = {2--},
 url = {http://dl.acm.org/citation.cfm?id=829500.829892},
 acmid = {829892},
 publisher = {IEEE Computer Society},
 address = {Washington, DC, USA}
}

@article{scutter2010students,
  title={How do students use podcasts to support learning?},
  author={Scutter, Sheila and Stupans, Ieva and Sawyer, Tim and King, Sharron},
  journal={Australasian journal of educational technology},
  volume={26},
  number={2},
  year={2010}
}

@book{Norman1986user,
 author = {Norman, Donald A. and Draper, Stephen W.},
 title = {{User Centered System Design; New Perspectives on Human-Computer Interaction}},
 year = {1986},
 isbn = {0898597811},
 publisher = {L. Erlbaum Associates Inc.},
 address = {Hillsdale, NJ, USA}
 }

@article{reinmann1995kooperation,
  title={Kooperation. Lernen im Team},
  author={Reinmann-Rothmeier, Gabi and Mandl, Heinz},
  journal={Grundlagen der Weiterbildung},
  volume={6},
  number={2},
  pages={65--68},
  year={1995}
}

@book{dillenbourg1999collaborative,
  title={Collaborative learning: Cognitive and computational approaches. advances in learning and instruction series.},
  author={Dillenbourg, Pierre},
  year={1999},
  publisher={ERIC}
}

@article{reinmann2002analyse,
  title={Analyse und F{\"o}rderung kooperativen Lernens in netzbasierten Umgebungen},
  author={Reinmann-Rothmeier, Gabi and Mandl, Heinz},
  journal={Zeitschrift f{\"u}r Entwicklungspsychologie und P{\"a}dagogische Psychologie},
  volume={34},
  number={1},
  pages={44--57},
  year={2002}
}

@article{pauli2000rolle,
  title={Zur Rolle der Lehrperson beim kooperativen Lernen},
  author={Pauli, Christine and Reusser, Kurt},
  journal={Schweizerische Zeitschrift fur Bildungswissenschaften},
  pages={421--442},
  year={2000},
  publisher={EDITIONS UNIVERSITIARES}
}

@article{reinmann1994wissensvermittlung,
  title={Wissensvermittlung: Ans{\"a}tze zur F{\"o}rderung des Wissenserwerbs},
  author={Reinmann-Rothmeier, Gabi and Mandl, Heinz},
  year={1994}
}

@misc{dillenbourg1995evolution,
  title={The evolution of research on collaborative learning},
  author={Dillenbourg, Pierre and Baker, Michael J and Blaye, Agnes and O'Malley, Claire},
  year={1995},
  publisher={Elsevier, Oxford}
}
\\
@article{nurseitov2009comparison,
  title={Comparison of JSON and XML data interchange formats: a case study.},
  author={Nurseitov, Nurzhan and Paulson, Michael and Reynolds, Randall and Izurieta, Clemente},
  journal={Caine},
  volume={9},
  pages={157--162},
  year={2009}
}

@article{kerres2002didaktische,
  title={Didaktische Konzeption des Telelernens},
  author={Kerres, Michael and Jechle, Thomas},
  journal={Information und Lernen mit Multimedia und Internet},
  volume={3},
  pages={267--281},
  year={2002},
  publisher={Weinheim: BeltzPVU}
}

@book{peters1997didaktik,
  title={Didaktik des Fernstudiums: Erfahrungen und Diskussionsstand in nationaler und internationaler Sicht},
  author={Peters, Otto},
  year={1997},
  publisher={Luchterhand}
}
@article{tremblay2011systematic,
  title={Systematic review of sedentary behaviour and health indicators in school-aged children and youth},
  author={Tremblay, Mark S and LeBlanc, Allana G and Kho, Michelle E and Saunders, Travis J and Larouche, Richard and Colley, Rachel C and Goldfield, Gary and Gorber, Sarah Connor},
  journal={International Journal of Behavioral Nutrition and Physical Activity},
  volume={8},
  number={1},
  pages={98},
  year={2011},
  publisher={BioMed Central}
}
\\
@incollection{donker2002didaktisches,
  title={Didaktisches Interaktions-und Informationsdesign von eLearning-Software},
  author={Donker, Hilko},
  booktitle={Mensch \& Computer 2002},
  pages={225--234},
  year={2002},
  publisher={Springer}
}

@inproceedings{donker2007gestaltung,
  title={Gestaltung von Hyperlinks in einer Hyperaudio-Enzyklop{\"a}die.},
  author={Donker, Hilko and Blenn, Norbert},
  booktitle={Mensch \& Computer},
  pages={139--148},
  year={2007}
}

@Misc{augsten2018iterativ,
	author={{Stephan Augsten}},
	title={{Was ist iterative Entwicklung?}},
	howpublished={\url{https://www.dev-insider.de/was-ist-iterative-entwicklung-a-707340/}},
	note={abgerufen am 19.08.2018},
	year={2018}
}

@Misc{hellichtresponsive,
	author={{helllicht medien GmbH}},
	title={{Code - Responsive Webdesign}},
	howpublished={\url{http://be-responsive.de/code/}},
	note={abgerufen am 27.08.2018},
	year={o.D.}
}

